@article {J.H.N,
    AUTHOR = {Janwa, Heeralal },
     TITLE = {Some new upper bounds on the covering radius of binary linear
              codes},
   JOURNAL = {IEEE Trans. Inform. Theory},
  FJOURNAL = {Institute of Electrical and Electronics Engineers.
              Transactions on Information Theory},
    VOLUME = {35},
      YEAR = {1989},
    NUMBER = {1},
     PAGES = {110--122},
      ISSN = {0018-9448},
     CODEN = {IETTAW},
   MRCLASS = {94B05},
  MRNUMBER = {995329},
MRREVIEWER = {Wende Chen},
       DOI = {10.1109/18.42182},
       URL = {http://dx.doi.org/10.1109/18.42182},
}
		
@article {J.H.SO,
    AUTHOR = {Janwa, Heeralal},
     TITLE = {Some optimal codes from algebraic geometry and their covering
              radii},
   JOURNAL = {European J. Combin.},
  FJOURNAL = {European Journal of Combinatorics},
    VOLUME = {11},
      YEAR = {1990},
    NUMBER = {3},
     PAGES = {249--266},
      ISSN = {0195-6698},
   MRCLASS = {94B27 (11H31 11T71 94B75)},
  MRNUMBER = {1059556},
MRREVIEWER = {Timo Lepist{\"o}},
       DOI = {10.1016/S0195-6698(13)80125-4},
       URL = {http://dx.doi.org/10.1016/S0195-6698(13)80125-4},
}
@article {k.Y-V.K,
    AUTHOR = {K. Yang and P. V. Kumar},
     TITLE = {On the True Minimum Distance of Hermitian Codes},
   JOURNAL = {Coding theory and algebraic geometry},
   PUBLISHER = {Springer, Berlin},
      YEAR = {1992},
     PAGES = {99--107},
}
@article {J.H-M.H,
    AUTHOR = {Janwa, H. and Mattson, Jr., H. F.},
     TITLE = {Some upper bounds on the covering radii of linear codes over
              {${\bf F}_q$} and their applications},
      NOTE = {Designs and codes---a memorial tribute to Ed Assmus},
   JOURNAL = {Des. Codes Cryptogr.},
  FJOURNAL = {Designs, Codes and Cryptography. An International Journal},
    VOLUME = {18},
      YEAR = {1999},
    NUMBER = {1-3},
     PAGES = {163--181},
      ISSN = {0925-1022},
     CODEN = {DCCREC},
   MRCLASS = {94B05 (94B75)},
  MRNUMBER = {1738664},
MRREVIEWER = {J. C. Hwang},
       DOI = {10.1023/A:1008397405457},
       URL = {http://dx.doi.org/10.1023/A:1008397405457},
}
@article {S.H,
    AUTHOR = {Stichtenoth, Henning},
     TITLE = {A note on {H}ermitian codes over {${\rm GF}(q^2)$}},
      NOTE = {Coding techniques and coding theory},
   JOURNAL = {IEEE Trans. Inform. Theory},
  FJOURNAL = {Institute of Electrical and Electronics Engineers.
              Transactions on Information Theory},
    VOLUME = {34},
      YEAR = {1988},
    NUMBER = {5, part 2},
     PAGES = {1345--1348},
      ISSN = {0018-9448},
     CODEN = {IETTAW},
   MRCLASS = {94B05 (11T71 14G15)},
  MRNUMBER = {987682},
MRREVIEWER = {Vera Pless},
       DOI = {10.1109/18.21267},
       URL = {http://dx.doi.org/10.1109/18.21267},
}
@article {S.S,
    AUTHOR = {Serguei A. Stepanov},
     TITLE = {Codes on Algebraic Curves},
   JOURNAL = {Kluwer Academic},
   PUBLISHER = {Plenum Oublishers},
      YEAR = {1999},
     PAGES = {XIII--350},				
DOI = {10.1007/978-1-4615-4785-3}
}
@article {H.V-G.V,
    AUTHOR = {Jacobus H. Van Lint and Gerard Van Der Geer},
     TITLE = {Introduction to Coding Theory and Algebraic Geometry},
   JOURNAL = {Birkhäuser Basel},
    VOLUME = {12},
      YEAR = {1988},
    NUMBER = {5, part 2},
     PAGES = {I--85},
      ISBN = {978-3-0348-9979-6},,
       DOI = {10.1007/978-3-0348-9286-5},
}
@article {D.O-J.H,
    AUTHOR = {Dougherty, Randall and Janwa, Heeralal},
     TITLE = {Covering radius computations for binary cyclic codes},
      NOTE = {With microfiche supplement},
   JOURNAL = {Math. Comp.},
  FJOURNAL = {Mathematics of Computation},
    VOLUME = {57},
      YEAR = {1991},
    NUMBER = {195},
     PAGES = {415--434},
      ISSN = {0025-5718},
     CODEN = {MCMPAF},
   MRCLASS = {94B75},
  MRNUMBER = {1079013},
       DOI = {10.2307/2938683},
       URL = {http://dx.doi.org/10.2307/2938683},
}

@article {J.J-T.H,
    AUTHOR = {J. Justesen and Tom H∅holdt},
     TITLE = {A Cours in Error Correcting Codes},
   JOURNAL = {European Mathematical Society},
    VOLUME = {42},
      YEAR = {2008},
     PAGES = {99--114},
      ISSN = {3-03719-001-9},
}
@article {V.P.R,
    AUTHOR = {Vera, Pless},
     TITLE = {Introduction to the Theory of Error-Correcting Codes 3rd Edition},
   JOURNAL = {Series in Discrete Mathematics and Optimization,},
PUBLISHER = {Wiley Interscience},
      YEAR = {1988},
     PAGES = {23--26},
      ISBN = {978-0-471-19047-9},
}
		

		
@article {S.L-C.X,
    AUTHOR = {S. Ling and C. Xing},
     TITLE = {Coding Theory, A First Course},
 PUBLISHER = {Cambridge University Press},
      YEAR = {2004},
     PAGES = {I--223},
      ISBN = {978-0-511-18637-0},
}
		
@article {G.C-I.H,
    AUTHOR = {G. Cohen, I. Honkala, S. Litsyn and A. Lobstein},
     TITLE = {Covering Codes},
 PUBLISHER = {North-Holland, Mathematical Library},
      YEAR = {1997},
     PAGES = {I--537},
      ISBN = {0-444-82511-8},
}

@article {V.P-W.C,
    AUTHOR = {V. S. Pless and W. C. Huffman},
     TITLE = {Handbook of Coding Theory},
 PUBLISHER = {North-Holland},
      YEAR = {1998},
     PAGES = {I--537},
      ISBN = {0-444-82511-8},
}

@book {W.J,
    AUTHOR = {Walker, Judy L.},
     TITLE = {Codes and curves},
    SERIES = {Student Mathematical Library},
    VOLUME = {7},
      NOTE = {IAS/Park City Mathematical Subseries},
 PUBLISHER = {American Mathematical Society, Providence, RI; Institute for
              Advanced Study (IAS), Princeton, NJ},
      YEAR = {2000},
     PAGES = {xii+66},
      ISBN = {0-8218-2628-X},
   MRCLASS = {14G50 (11T71 94B27)},
  MRNUMBER = {1768485},
MRREVIEWER = {R. F. Lax},
       DOI = {10.1090/stml/007},
       URL = {http://dx.doi.org/10.1090/stml/007},
}



@article {H.N-C.X,
    AUTHOR = {H.Niederreiter and C.Xing},
     TITLE = {Algebraic Geometry in Coding Theory and Cryptography},
 PUBLISHER = {Princeton University Press},
      YEAR = {2009},
     PAGES = {260},
      ISBN = {978-0-691-10288-7},
}


@article {O.P,
    AUTHOR = {Oliver. Pretzel},
     TITLE = {Codes and Algebraic Curves},
 PUBLISHER = {Oxford University Press},
      YEAR = {2003},
     PAGES = {187},
      ISBN = {0-1--850039-4},
}


@article {W.C-V.P,
    AUTHOR = {W. Cary Huffman and V. Pless},
     TITLE = {Fundamentals of Error-Correcting Codes 1st Edition},
 PUBLISHER = {Cambridge, University Press},
      YEAR = {2003},
     PAGES = {633},
      ISBN = {978-0-511-07468-4},
}
@article {C.G.K.M,
    AUTHOR = {Cohen, G{\'e}rard D. and Karpovsky, Mark G. and Mattson, Jr.,
              H. F. and Schatz, James R.},
     TITLE = {Covering radius---survey and recent results},
   JOURNAL = {IEEE Trans. Inform. Theory},
  FJOURNAL = {Institute of Electrical and Electronics Engineers.
              Transactions on Information Theory},
    VOLUME = {31},
      YEAR = {1985},
    NUMBER = {3},
     PAGES = {328--343},
      ISSN = {0018-9448},
     CODEN = {IETTAW},
   MRCLASS = {94Bxx (11T71)},
  MRNUMBER = {794430},
       DOI = {10.1109/TIT.1985.1057043},
       URL = {http://dx.doi.org/10.1109/TIT.1985.1057043},
}
@article {C.G.Li.Lo.M,
    AUTHOR = {Cohen, G. D. and Litsyn, S. N. and Lobstein, A. C. and
              Mattson, Jr., H. F.},
     TITLE = {Covering radius 1985--1994},
   JOURNAL = {Appl. Algebra Engrg. Comm. Comput.},
  FJOURNAL = {Applicable Algebra in Engineering, Communication and
              Computing},
    VOLUME = {8},
      YEAR = {1997},
    NUMBER = {3},
     PAGES = {173--239},
      ISSN = {0938-1279},
     CODEN = {AAECEW},
   MRCLASS = {94B75 (11T71)},
  MRNUMBER = {1464785},
       DOI = {10.1007/s002000050061},
       URL = {http://dx.doi.org/10.1007/s002000050061},
}
@incollection {MATTI,
    AUTHOR = {Mattson, Jr., H. F.},
     TITLE = {An improved upper bound on covering radius},
 BOOKTITLE = {Applied algebra, algorithmics and error-correcting codes
              ({T}oulouse, 1984)},
    SERIES = {Lecture Notes in Comput. Sci.},
    VOLUME = {228},
     PAGES = {90--106},
 PUBLISHER = {Springer, Berlin},
      YEAR = {1986},
   MRCLASS = {94B05 (11H06 11H31 11T71)},
  MRNUMBER = {888614},
MRREVIEWER = {Norman Biggs},
       DOI = {10.1007/3-540-16767-6_53},
       URL = {http://dx.doi.org/10.1007/3-540-16767-6_53},
}
@article {MATAN,
    AUTHOR = {Mattson, Jr., H. F.},
     TITLE = {Another upper bound on covering radius},
   JOURNAL = {IEEE Trans. Inform. Theory},
  FJOURNAL = {Institute of Electrical and Electronics Engineers.
              Transactions on Information Theory},
    VOLUME = {29},
      YEAR = {1983},
    NUMBER = {3},
     PAGES = {356--359},
      ISSN = {0018-9448},
     CODEN = {IETTAW},
   MRCLASS = {94B05 (52A45)},
  MRNUMBER = {712398},
MRREVIEWER = {K. Seitz},
       DOI = {10.1109/TIT.1983.1056680},
       URL = {http://dx.doi.org/10.1109/TIT.1983.1056680},
}
@incollection {VL.JH,
    AUTHOR = {van Lint, Jacobus H.},
     TITLE = {Algebraic geometric codes},
 BOOKTITLE = {Coding theory and design theory, {P}art {I}},
    SERIES = {IMA Vol. Math. Appl.},
    VOLUME = {20},
     PAGES = {137--162},
 PUBLISHER = {Springer, New York},
      YEAR = {1990},
   MRCLASS = {14G15 (11T71 14-02 94-02 94B27)},
  MRNUMBER = {1047878},
MRREVIEWER = {Simon N. Litsyn},
       DOI = {10.1007/978-1-4613-8994-1_12},
       URL = {http://dx.doi.org/10.1007/978-1-4613-8994-1_12},
}
@book {STI-AF,
    AUTHOR = {Stichtenoth, Henning},
     TITLE = {Algebraic function fields and codes},
    SERIES = {Graduate Texts in Mathematics},
    VOLUME = {254},
   EDITION = {Second},
 PUBLISHER = {Springer-Verlag, Berlin},
      YEAR = {2009},
     PAGES = {xiv+355},
      ISBN = {978-3-540-76877-7},
   MRCLASS = {14H05 (11R58 11T71 14G15 14G50 94B27)},
  MRNUMBER = {2464941},
}		
@article {ST-AN,
    AUTHOR = {Stichtenoth, Henning},
     TITLE = {A note on {H}ermitian codes over {${\rm GF}(q^2)$}},
      NOTE = {Coding techniques and coding theory},
   JOURNAL = {IEEE Trans. Inform. Theory},
  FJOURNAL = {Institute of Electrical and Electronics Engineers.
              Transactions on Information Theory},
    VOLUME = {34},
      YEAR = {1988},
    NUMBER = {5, part 2},
     PAGES = {1345--1348},
      ISSN = {0018-9448},
     CODEN = {IETTAW},
   MRCLASS = {94B05 (11T71 14G15)},
  MRNUMBER = {987682},
MRREVIEWER = {Vera Pless},
       DOI = {10.1109/18.21267},
       URL = {http://dx.doi.org/10.1109/18.21267},
}		
@incollection {H.J-L.N.C.S.N539,
    AUTHOR = {Janwa, H.},
     TITLE = {On the parameters of algebraic geometric codes},
 BOOKTITLE = {Applied algebra, algebraic algorithms and error-correcting
              codes ({N}ew {O}rleans, {LA}, 1991)},
    SERIES = {Lecture Notes in Comput. Sci.},
    VOLUME = {539},
     PAGES = {19--28},
 PUBLISHER = {Springer, Berlin},
      YEAR = {1991},
   MRCLASS = {94B27 (94B65 94B75)},
  MRNUMBER = {1229305},
       DOI = {10.1007/3-540-54522-0_92},
       URL = {http://dx.doi.org/10.1007/3-540-54522-0_92},
}

@incollection {JO-HJ,
    AUTHOR = {H.Janwa and J.Orozco},
     TITLE = {Somme new upper bound on the covering radius of codes},
 BOOKTITLE = {Preprint, April 15, 2016},
    %SERIES = {Lecture Notes in Comput. Sci.},
    %VOLUME = {539},
     %PAGES = {19--28},
 %PUBLISHER = {Preprint},
  %    YEAR = {1991},
   %MRCLASS = {94B27 (94B65 94B75)},
  %MRNUMBER = {1229305},
   %    DOI = {10.1007/3-540-54522-0_92},
    %   URL = {http://dx.doi.org/10.1007/3-540-54522-0_92},
}
@incollection {H.J-1993,
    AUTHOR = {H.Janwa},
     TITLE = {Weierstrass gaps and parameter of Goppa codes},
 BOOKTITLE = {Preprint, MRI, 1993},
    %SERIES = {Lecture Notes in Comput. Sci.},
    %VOLUME = {539},
     %PAGES = {19--28},
 %PUBLISHER = {Springer, Berlin},
      %YEAR = {1991},
   %MRCLASS = {94B27 (94B65 94B75)},
  %MRNUMBER = {1229305},
       %DOI = {10.1007/3-540-54522-0_92},
       %URL = {http://dx.doi.org/10.1007/3-540-54522-0_92},
}
@article {Garg,
    AUTHOR = {Bhandari, M. C. and Garg, M. S.},
     TITLE = {A note on the covering radius of optimum codes},
      NOTE = {Applied algebra, algebraic algorithms, and error-correcting
              codes (Toulouse, 1989)},
   JOURNAL = {Discrete Appl. Math.},
  FJOURNAL = {Discrete Applied Mathematics. The Journal of Combinatorial
              Algorithms, Informatics and Computational Sciences},
    VOLUME = {33},
      YEAR = {1991},
    NUMBER = {1-3},
     PAGES = {3--9},
      ISSN = {0166-218X},
     CODEN = {DAMADU},
   MRCLASS = {94B75},
  MRNUMBER = {1137736},
       DOI = {10.1016/0166-218X(91)90104-5},
       URL = {http://dx.doi.org/10.1016/0166-218X(91)90104-5},
}
@article {Bhandari,
    AUTHOR = {Bhandari, M. C. and Garg, M. S.},
     TITLE = {Optimum codes of dimension {$3$} and {$4$} over {${\rm
              GF}(4)$}},
   JOURNAL = {IEEE Trans. Inform. Theory},
  FJOURNAL = {Institute of Electrical and Electronics Engineers.
              Transactions on Information Theory},
    VOLUME = {38},
      YEAR = {1992},
    NUMBER = {5},
     PAGES = {1564--1567},
      ISSN = {0018-9448},
     CODEN = {IETTAW},
   MRCLASS = {94B65 (94B05)},
  MRNUMBER = {1178196},
MRREVIEWER = {Piroska Lakatos},
       DOI = {10.1109/18.149507},
       URL = {http://dx.doi.org/10.1109/18.149507},
}
@article {JMMI,
    AUTHOR = {H. Janwa and H. F. Mattson. Jr},
     TITLE = {The covering radius and normality of t-dense codes},
   JOURNAL = {IEEE Trans. Inform. Theory},
 PUBLISHER = {presented in part at the
IEEE International Symp. on Inform. Theory, Ann Arbor, Michigan}
      YEAR = {1986},
    %NUMBER = {1},
     %PAGES = {110--122},
      %ISSN = {0018-9448},
     %CODEN = {IETTAW},
   %MRCLASS = {94B05},
  %MRNUMBER = {995329},
%MRREVIEWER = {Wende Chen},
       %DOI = {10.1109/18.42182},
       %URL = {http://dx.doi.org/10.1109/18.42182},
}
@article {Htesis,
    AUTHOR = {H.Janwa},
     TITLE = {Relations among parameters of codes},
   JOURNAL = {Ph.D. dissertation},
   PUBLISHER = {Syracuse Univ.},
      YEAR = {1986},
     %PAGES = {XIII--350},				
%DOI = {10.1007/978-1-4615-4785-3}
}
@article {H.J-Wor,
    AUTHOR = {H.Janwa},
     TITLE = {On the optimality and covering radii of some algebraic geometric codes},
   JOURNAL = {presented at the Workshop on Coding Theory},
  FJOURNAL = {Institute for Mathematics and Its Applications (IMA), University of Minnesota, June 13-24},
    %VOLUME = {31},
      YEAR = {1988},
    %NUMBER = {3},
     %PAGES = {328--343},
     % ISSN = {0018-9448},
     %CODEN = {IETTAW},
   %MRCLASS = {94Bxx (11T71)},
  %MRNUMBER = {794430},
      % DOI = {10.1109/TIT.1985.1057043},
       %URL = {http://dx.doi.org/10.1109/TIT.1985.1057043},
}
@Misc{Grassl,
  author =       "Grassl, Markus",
  title =        "{Bounds on the minimum distance of linear codes and quantum codes}",
  howpublished = "Online available at \url{http://www.codetables.de}",
  year =         "2007",
  note =         "Accessed on 2016-07-18"
}
@Misc{A.Lob,
  author =       "A. Lobstein",
  title =        "{`COVERING RADIUS, January 6, 2016}",
  howpublished = "Online available at \url{http://perso.telecom-paristech.fr/~lobstein/bib-a-jour.pdf}",
  year =         "2007",
  note =         "Accessed on 2016-01-6"
}
@Misc{Maruta,
  author =       "Tatsuya Maruta.",
  title =        "{Maruta's tables with bounds on nq(k,d) for codes of small dimension''}",
  howpublished = "Online available at \url{http://www.mi.s.osakafu-u.ac.jp/~maruta/griesmer.htm}",
  year =         "1999",
  note =         "Accessed on 1999-04-25"
}
@Misc{Maruta,
  author =       "Tatsuya Maruta.",
  title =        "{Maruta's tables with bounds on nq(k,d) for codes of small dimension''}",
  howpublished = "Online available at \url{http://www.mi.s.osakafu-u.ac.jp/~maruta/griesmer.htm}",
  year =         "1999",
  note =         "Accessed on 1999-04-25"
}
@article {Jpaper,
    AUTHOR = {Jacobus H. Van Lint},
     TITLE = {Algebraic Geometric Codes},
   JOURNAL = {Department ofMathematics and Computing Science, Eindhoven University of Tegnology},
    %VOLUME = {42},
      %YEAR = {2008},
     %PAGES = {99--114},
      %ISSN = {3-03719-001-9},
}
@book {Jsil,
    AUTHOR = {Joseph H. Silverman.},
     TITLE = {The Arithmetic of Elliptic Curves (2nd Edition)},
    SERIES = {Graduate Texts in Mathematics},
    %VOLUME = {7},
      %NOTE = {IAS/Park City Mathematical Subseries},
 PUBLISHER = {Springer-Verlag – Graduate Texts in Mathematics 106 },
      YEAR = {2009},
     PAGES = {513+xviii},
      ISBN = {978-0-387-09493-9},
  % MRCLASS = {14G50 (11T71 94B27)},
  %MRNUMBER = {1768485},
%MRREVIEWER = {R. F. Lax},
       %DOI = {10.1090/stml/007},
       %URL = {http://dx.doi.org/10.1090/stml/007},
}
@book {Rhart,
    AUTHOR = {Robin Hartshorne.},
     TITLE = {Algebraic Geometry},
    SERIES = {Graduate Texts in Mathematics},
    VOLUME = {52},
      %NOTE = {IAS/Park City Mathematical Subseries},
 PUBLISHER = {Springer New York},
      YEAR = {1987},
     %PAGES = {513+xviii},
      ISBN = {978-1-4757-3849-0},
  % MRCLASS = {14G50 (11T71 94B27)},
  %MRNUMBER = {1768485},
%MRREVIEWER = {R. F. Lax},
       %DOI = {10.1090/stml/007},
       %URL = {http://dx.doi.org/10.1090/stml/007},
}
@article {L.M,
    AUTHOR = {Cohen, Litsyn, Lobstein, and Mattson H. F.},
     TITLE = {Covering radius 1985--1994},
   JOURNAL = {Appl. Algebra Engrg. Comm. Comput.},
  FJOURNAL = {Applicable Algebra in Engineering, Communication and
              Computing},
    VOLUME = {8},
      YEAR = {1997},
    NUMBER = {3},
     PAGES = {173--239},
      ISSN = {0938-1279},
   MRCLASS = {94B75 (11T71)},
  MRNUMBER = {1464785},
       DOI = {10.1007/s002000050061},
       URL = {http://dx.doi.org/10.1007/s002000050061},
}
@book {Z.S,
    AUTHOR = {H. Stichtenoth},
     TITLE = {Algebraic Function Fields and Codes},
    SERIES = {2009 Springer-Verlag Berlin Heidelberg},
    VOLUME = {Second Edition},
      %NOTE = {IAS/Park City Mathematical Subseries},
 PUBLISHER = {Springer-Verlag Berlin Heidelberg},
      YEAR = {2000},
     PAGES = {xii+66},
      ISBN = {978-3-540-76877-7},
  % MRCLASS = {14G50 (11T71 94B27)},
  %MRNUMBER = {1768485},
%MRREVIEWER = {R. F. Lax},
       %DOI = {10.1090/stml/007},
      % URL = {http://dx.doi.org/10.1090/stml/007},
}
