@book{ireland,
    title = {A Classical Introduction to Modern Number Theory},
    author = {Kenneth Ireland}, {Kenneth Rosen}
    isbn = {038797329X},
    series = {Graduate Texts in Mathematics},
    year = {1990},
    pages = 
    publisher = {Springer-Verlag}
}

